%% This BibTeX bibliography file was created using BibDesk.
%% http://bibdesk.sourceforge.net/


%% Created for Jarvin at 2018-05-09 18:13:11 -0500 


%% Saved with string encoding Unicode (UTF-8) 



@misc{RWRD17,
	Date-Added = {2018-05-09 23:12:01 +0000},
	Date-Modified = {2018-05-09 23:13:00 +0000},
	Howpublished = {\url{https://www.rewardstoken.io/wp-content/uploads/2018/05/White-Paper-2018-Rewards-final-1.pdf}},
	Title = {Rewards Token}}

@misc{ORC17,
	Author = {Woanjen Tang},
	Date-Added = {2018-05-09 23:08:49 +0000},
	Date-Modified = {2018-05-09 23:11:03 +0000},
	Howpublished = {\url{https://www.orioncoin.io/whitepaper/orioncoin_whitepaper.pdf}},
	Title = {The Decentralized Digital Hyperpower},
	Year = {2017}}

@misc{Loyal17,
	Date-Added = {2018-05-09 23:07:39 +0000},
	Date-Modified = {2018-05-09 23:08:16 +0000},
	Howpublished = {\url{https://www-01.ibm.com/events/wwe/grp/grp308.nsf/vLookupPDFs/Loyyal%20Intro%20Shannon%20v2/$file/Loyyal%20Intro%20Shannon%20v2.pdf}},
	Title = {Loyyal: The Internet of Loyalty},
	Year = {2017}}

@misc{LYL17,
	Date-Added = {2018-05-09 23:02:16 +0000},
	Date-Modified = {2018-05-09 23:03:29 +0000},
	Howpublished = {\url{https://loyalcoin.io/whitepaper.pdf}},
	Title = {Loyal Coin: The New Loyalty Economy},
	Year = {2017}}

@misc{COP17,
	Author = {Stefan Crnojevic and Irene Katzela},
	Date-Added = {2018-05-09 23:00:19 +0000},
	Date-Modified = {2018-05-09 23:01:25 +0000},
	Howpublished = {\url{http://chainofpoints.com/cop_whitepaper.pdf}},
	Title = {Chain of Points: Transforming Loyalty Into Rewards},
	Year = {2017}}

@article{Rehnen16,
	Author = {Rehnen, Lena Marie},
	Date-Added = {2018-05-04 20:13:48 +0000},
	Date-Modified = {2018-05-04 20:16:54 +0000},
	Journal = {Journal of Business Market Management},
	Pages = {564-596},
	Title = {Exit strategies of loyalty programs},
	Volume = {9.1},
	Year = {2016}}

@unpublished{Poon16,
	Author = {Poon, J and Thaddeus Dryja},
	Date-Added = {2018-05-04 12:22:54 +0000},
	Date-Modified = {2018-05-04 12:24:19 +0000},
	Month = {January},
	Note = {draft version 0.5},
	Title = {The bitcoin lightning network: Scalable off-chain instant payments},
	Year = {2016}}

@article{Kiayias17,
	Author = {Kiayias, A. and et al.},
	Date-Added = {2018-05-04 12:19:05 +0000},
	Date-Modified = {2018-05-04 12:20:17 +0000},
	Journal = {Annual International Cryptology Conference},
	Title = {Ouroboros: A provable secure proof-of-stake blockchain protocol},
	Year = {2017}}

@unpublished{Vitalik17,
	Author = {Buterin, V. and Griffith, V.},
	Date-Added = {2018-05-04 12:16:20 +0000},
	Date-Modified = {2018-05-04 12:17:29 +0000},
	Note = {arXiv preprint arXiv:1710.09437},
	Title = {Casper the Friendly Finality Gadget},
	Year = {2017}}

@misc{Quorum16,
	Date-Added = {2018-05-04 11:51:20 +0000},
	Date-Modified = {2018-05-04 11:52:12 +0000},
	Howpublished = {\url{https://github.com/jpmorganchase/quorum-docs/blob/master/Quorum%20Whitepaper%20v0.1.pdf}},
	Title = {Quorum Whitepaper},
	Year = {2016}}

@misc{Vitalik15,
	Author = {Vitalik Buterin},
	Date-Added = {2018-05-04 11:37:12 +0000},
	Date-Modified = {2018-05-04 11:38:11 +0000},
	Howpublished = {\cite{https://blog.ethereum.org/2015/08/07/on-public-and-private-blockchains/}},
	Title = {On Public and Private Blockchains},
	Year = {2015}}

@misc{NEM,
	Date-Added = {2018-05-04 03:10:49 +0000},
	Date-Modified = {2018-05-04 03:11:07 +0000},
	Howpublished = {\url{http://docs.nem.io/en}},
	Title = {NEM - Distributed Ledger Technology}}

@misc{MC16,
	Author = {Gideon Greenspan},
	Date-Added = {2018-05-04 03:08:34 +0000},
	Date-Modified = {2018-05-04 03:10:06 +0000},
	Howpublished = {\url{https://www.multichain.com/download/MultiChain-White-Paper.pdf}},
	Title = {MultiChain Private Blockchain - White Paper}}

@misc{Coco17,
	Date-Added = {2018-05-04 03:05:56 +0000},
	Date-Modified = {2018-05-04 03:07:05 +0000},
	Howpublished = {\url{https://github.com/Azure/coco-framework/blob/master/docs/Coco%20Framework%20whitepaper.pdf}},
	Title = {Microsoft Coco Framework},
	Year = {2017}}

@misc{HL16,
	Date-Added = {2018-05-04 03:04:15 +0000},
	Date-Modified = {2018-05-04 03:04:58 +0000},
	Howpublished = {\url{https://www.hyperledger.org/resources/publications}},
	Title = {IBM Hyperledger Fabric}}

@misc{Cardano,
	Date-Added = {2018-05-04 03:02:36 +0000},
	Date-Modified = {2018-05-04 03:03:40 +0000},
	Howpublished = {\url{https://cardanodocs.com/}},
	Title = {Cardano}}

@unpublished{Wood14,
	Author = {Wood, Gavin},
	Date-Added = {2018-05-04 02:53:28 +0000},
	Date-Modified = {2018-05-04 02:54:32 +0000},
	Note = {Ethereum Project Yellow Paper 151},
	Title = {Ethereum: A secure decentralised generalised transaction ledger},
	Year = {2014}}

@unpublished{PR17,
	Author = {Prpi{\'c}, John},
	Date-Added = {2018-05-04 02:38:05 +0000},
	Date-Modified = {2018-05-04 02:39:24 +0000},
	Note = {arXiv preprint arXiv:1703.06117},
	Title = {Unpacking Blockchains},
	Year = {2017}}

@misc{BTC08,
	Author = {S Nakamoto},
	Date-Added = {2018-05-04 02:29:11 +0000},
	Date-Modified = {2018-05-04 02:37:50 +0000},
	Howpublished = {\url{https://bitcoin.org/bitcoin.pdf}},
	Title = {Bitcoin: A peer-to-peer electronic cash system},
	Year = {2008}}

@misc{OTA17,
	Date-Added = {2018-05-04 00:05:03 +0000},
	Date-Modified = {2018-05-04 00:05:31 +0000},
	Howpublished = {\url{https://www.traveltrends.biz/ttn555-otas-increase-market-share-at-suppliers-expense/}},
	Title = {US Online Travel Overview 2017 Phocuswright Report}}

@misc{CQ15,
	Date-Added = {2018-05-03 23:53:48 +0000},
	Date-Modified = {2018-05-03 23:54:56 +0000},
	Howpublished = {\url{https://www.colloquy.com/latest-news/2015-colloquy-loyalty-census/}},
	Title = {Colloquy Loyalty Census (2015)}}

@misc{Bond16,
	Date-Added = {2018-05-03 23:53:46 +0000},
	Date-Modified = {2018-05-03 23:55:11 +0000},
	Howpublished = {\url{http://info.bondbrandloyalty.com/2016-loyalty-report}},
	Title = {Bond Loyalty Report (2016)}}

@article{Dorotic12,
	Author = {Dorotic, Matilda and Tammo HA Bijmolt and Peter C. Verhoef},
	Date-Added = {2018-05-03 02:32:01 +0000},
	Date-Modified = {2018-05-03 02:34:40 +0000},
	Journal = {International Journal of Management Reviews},
	Pages = {217-237},
	Title = {Loyalty programmes: Current knowledge and research directions},
	Volume = {14.3},
	Year = {2012}}

@article{ElBahrawy17,
	Author = {El-Bahrawy, Abeer and et al},
	Date-Added = {2018-04-29 05:58:37 +0000},
	Date-Modified = {2018-04-29 20:08:37 +0000},
	Journal = {Royal Society open science},
	Title = {Evolutionary dynamics of the cryptocurrency market},
	Volume = {4.11},
	Year = {2017}}

@article{Kot08,
	Author = {Athanasiou, George and Stelios Kotsios},
	Date-Added = {2018-04-29 05:57:51 +0000},
	Date-Modified = {2018-04-29 06:34:45 +0000},
	Journal = {Economic Modelling},
	Pages = {1246-1260},
	Title = {An algorithmic approach to exchange rate stabilization},
	Volume = {25.6},
	Year = {2008}}

@article{Short13,
	Author = {Short, Michael},
	Date-Added = {2018-04-29 05:56:45 +0000},
	Date-Modified = {2018-04-29 05:57:23 +0000},
	Journal = {ISRN Probability and Statistics},
	Title = {Improved inequalities for the poisson and binomial distribution and upper tail quantile functions},
	Year = {2013}}

@misc{Sweet17,
	Author = {Zargham, Michael and et al},
	Date-Added = {2018-04-29 05:56:01 +0000},
	Date-Modified = {2018-04-29 20:11:29 +0000},
	Title = {Sweetbridge liquidity protocol: Mathematical specifications},
	Year = {2017}}

@misc{Base18,
	Author = {Al-Naji, Nader and et al},
	Date-Added = {2018-04-29 05:55:04 +0000},
	Date-Modified = {2018-04-29 06:34:23 +0000},
	Month = {January},
	Title = {Basecoin: A Price-Stable Cryptocurrency with an Algorithmic Central Bank},
	Year = {2018}}

@misc{frg18,
	Date-Added = {2018-04-29 05:53:30 +0000},
	Date-Modified = {2018-04-29 06:39:51 +0000},
	Howpublished = {\url{www.fragments.org/protocol/}},
	Title = {Fragments--A Low Volatility Cryptocurrency and Platform,}}

@misc{Sams15,
	Author = {Sams, Robert},
	Date-Added = {2018-04-29 05:52:41 +0000},
	Date-Modified = {2018-04-29 20:11:43 +0000},
	Title = {A Note on Cryptocurrency Stabilisation: Seigniorage Shares},
	Year = {2015}}

@article{Ath08,
	Author = {Athanasiou, George and Iasson Karafyllis and Stelios Kotsios},
	Date-Added = {2018-04-29 05:51:42 +0000},
	Date-Modified = {2018-04-29 06:35:46 +0000},
	Journal = {Journal of Economic Dynamics and Control},
	Pages = {1212-1235},
	Title = {Price stabilization using buffer stocks},
	Volume = {32.4},
	Year = {2008}}

@article{An13,
	Author = {Anokye, Martin and et al.},
	Date-Added = {2018-04-29 05:50:39 +0000},
	Date-Modified = {2018-04-29 05:51:32 +0000},
	Journal = {American International Journal of Contemporary Research},
	Pages = {23-29},
	Title = {Application of queuing theory to vehicular traffic at signalized intersection in Kumasi-Ashanti region, Ghana},
	Volume = {3.7},
	Year = {2013}}

@article{Bartos15,
	Author = {Jakub Bartos},
	Date-Added = {2018-04-29 05:48:47 +0000},
	Date-Modified = {2018-04-29 05:50:22 +0000},
	Journal = {International Journal of Economic Sciences},
	Month = {June},
	Pages = {10-23},
	Title = {Does Bitcoin follow the hypothesis of efficient market?},
	Volume = {4(2)},
	Year = {2015}}

@misc{Hayek16,
	Author = {Ametrano, Ferdinando M},
	Date-Added = {2018-04-29 05:48:04 +0000},
	Date-Modified = {2018-04-29 20:05:37 +0000},
	Howpublished = {\url{https://ssrn.com/abstract=2425270}},
	Title = {Hayek money: The Cryptocurrency Price Stability Solution},
	Year = {2016}}

@misc{MDao17,
	Date-Added = {2018-04-29 05:46:54 +0000},
	Date-Modified = {2018-04-29 06:40:59 +0000},
	Howpublished = {\url{https://makerdao.com/whitepaper/DaiDec17WP.pdf}},
	Title = {The Dai Stablecoin System},
	Year = {2017}}

@misc{BTS15,
	Author = {Schuh, Fabian and Daniel Larimer},
	Date-Added = {2018-04-29 05:45:56 +0000},
	Date-Modified = {2018-04-29 06:33:35 +0000},
	Title = {BitShares 2.0: Financial Smart Contract Platform},
	Year = {2015}}

@misc{Tether16,
	Date-Added = {2018-04-29 05:44:24 +0000},
	Date-Modified = {2018-04-29 06:41:31 +0000},
	Howpublished = {\url{https://tether.to/wp-content/uploads/2016/06/TetherWhitePaper.pdf}},
	Title = {Tether: Fiat currencies on the Bitcoin blockchain},
	Year = {2016}}

@misc{Satoshi08,
	Author = {Nakamoto, Satoshi},
	Date-Added = {2018-04-29 05:42:45 +0000},
	Date-Modified = {2018-04-29 06:40:40 +0000},
	Howpublished = {\url{http://satoshi.nakamotoinstitute.org/emails/cryptography/5/}},
	Month = {November},
	Title = {Re: Bitcoin P2P e-Cash Paper},
	Year = {2008}}

@misc{Mcbride09,
	Author = {McBride, J. and T. Sansbury},
	Date-Added = {2018-04-29 05:41:05 +0000},
	Date-Modified = {2018-04-29 06:41:51 +0000},
	Howpublished = {\url{www.colloquy.com/files/pr111809.pdf}},
	Title = {U.S. Market Destined to Be Next Coalition Loyalty Battleground},
	Year = {2009}}

@article{Breu15,
	Author = {Breugelmans, Els},
	Date-Added = {2018-04-29 05:39:07 +0000},
	Date-Modified = {2018-04-29 05:40:47 +0000},
	Journal = {Marketing Letters 26.2},
	Pages = {127-139},
	Title = {Advancing research on loyalty programs: a future research agenda},
	Year = {2015}}

@misc{Bolden14,
	Author = {Bolden, Dylan},
	Date-Added = {2018-04-29 05:36:15 +0000},
	Date-Modified = {2018-04-29 20:11:05 +0000},
	Institution = {Boston Consulting Group},
	Month = {April},
	Title = {Leveraging the Loyalty Margin: Rewards Programs That Work},
	Year = {2014}}

@article{VR16,
	Author = {Villac{\'e}-Molinero, Teresa and Pedro Reinares-Lara and Eva Reinares-Lara},
	Date-Added = {2018-04-29 05:34:27 +0000},
	Date-Modified = {2018-04-29 05:36:03 +0000},
	Journal = {Frontiers in Psychology 7},
	Title = {Multi-Vendor Loyalty Programs: Influencing Customer Behavioral Loyalty},
	Volume = {4},
	Year = {2016}}

@article{Goel17,
	Author = {Goel, Arpit Amar},
	Date-Added = {2018-04-29 05:33:00 +0000},
	Date-Modified = {2018-04-29 05:34:06 +0000},
	Journal = {Diss. Stanford University},
	Title = {Design and Analysis of Loyalty Reward Programs},
	Year = {2017}}
